
@misc{brainspell,
  doi = {10.6084/m9.figshare.963146.v1},
  url = {http://dx.doi.org/10.6084/m9.figshare.963146.v1},
  author = {Toro, R.},
  publisher = {Figshare},
  title = {brainspell},
  year = {2014}
}

@incollection{fox1994,
  author      = "Fox, P. T. and Mikiten, S. and Davis, G. and Lancaster, J. L.",
  title       = "BrainMap: A Database of Human Functional Brian Mapping",
  editor      = "Thatcher, R. W. and Hallett, M. and Zeffiro, T. and John, E. R. and Huerta, M.",
  booktitle   = "Functional Neuroimaging: Technical Foundations",
  publisher   = "Academic Press",
  address     = "Cambridge, Massachusetts",
  year        = 1994,
  pages       = "95-105",
  chapter     = 9,
}

% 25914639 
@Article{neurovault,
   Author="Gorgolewski, K. J.  and Varoquaux, G.  and Rivera, G.  and Schwarz, Y.  and Ghosh, S. S.  and Maumet, C.  and Sochat, V. V.  and Nichols, T. E.  and Poldrack, R. A.  and Poline, J. B.  and Yarkoni, T.  and Margulies, D. S. ",
   Title="{{N}euro{V}ault.org: a web-based repository for collecting and sharing unthresholded statistical maps of the human brain}",
   Journal="Front Neuroinform",
   Year="2015",
   Volume="9",
   Pages="8"
}

% 21706013 
@Article{neurosynth,
   Author="Yarkoni, T.  and Poldrack, R. A.  and Nichols, T. E.  and Van Essen, D. C.  and Wager, T. D. ",
   Title="{{L}arge-scale automated synthesis of human functional neuroimaging data}",
   Journal="Nat. Methods",
   Year="2011",
   Volume="8",
   Number="8",
   Pages="665--670",
   Month="Aug"
}

